---
title: Bibliography
---

# Bibliography

@article{shulman:2014:univalence,
   title = {Univalence for inverse diagrams and homotopy canonicity},
   volume = {25},
   ISSN = {1469-8072},
   url = {http://dx.doi.org/10.1017/S0960129514000565},
   DOI = {10.1017/s0960129514000565},
   number = {5},
   journal = {Mathematical Structures in Computer Science},
   publisher = {Cambridge University Press (CUP)},
   author = {Shulman, Michael},
   year = {2014},
   month = {Nov},
   pages = {1203--1277},
   note = {\href{https://arxiv.org/abs/1203.3253}{arXiv:1203.3253 [math.CT]}}
}
